<?xml version="1.0" encoding="UTF-8"?><collection xmlns="http://www.loc.gov/MARC21/slim"><record><leader>00538nam--2200193-u-4500</leader><controlfield tag="001">000053937</controlfield><controlfield tag="002">20161230</controlfield><controlfield tag="005">20161230201051</controlfield><controlfield tag="008">110707s1000------------r-----000-0-rus-d</controlfield><datafield ind1=" " ind2=" " tag="040"><subfield code="a">IFIN-HH</subfield></datafield><datafield ind1=" " ind2=" " tag="041"><subfield code="a">rus</subfield></datafield><datafield ind1=" " ind2=" " tag="080"><subfield code="a">537.22</subfield></datafield><datafield ind1="1" ind2=" " tag="100"><subfield code="a">Bolyul, P.P</subfield></datafield><datafield ind1="1" ind2="0" tag="245"><subfield code="a">Slabovirojdennie sistemi pod vliianiem vnesnih vozdeistvii</subfield><subfield code="c">P.p. bolyul; v.f. garabajiu; e.p. kondria; a.a. nikolaeva</subfield></datafield><datafield ind1=" " ind2=" " tag="260"><subfield code="a">Kisinev</subfield><subfield code="b">Stiinta</subfield><subfield code="c">1992</subfield></datafield><datafield ind1=" " ind2=" " tag="300"><subfield code="a">147P</subfield></datafield><datafield ind1="1" ind2=" " tag="700"><subfield code="a">Nikolaeva, A.A</subfield></datafield><datafield ind1=" " ind2=" " tag="852"><subfield code="a">80417</subfield><subfield code="c">537.226</subfield></datafield><datafield ind1=" " ind2=" " tag="CAT"><subfield code="a">Sys</subfield><subfield code="c">20110707</subfield><subfield code="h">163325</subfield></datafield></record></collection>